<?xml version="1.0" encoding="UTF-8"?><collection xmlns="http://www.loc.gov/MARC21/slim"><record><leader>00599nam--2200217-i-4500</leader><controlfield tag="001">000040244</controlfield><controlfield tag="002">20161230</controlfield><controlfield tag="005">20161230201042</controlfield><controlfield tag="008">060222s1000------------r-----000-0-rus-d</controlfield><datafield ind1=" " ind2=" " tag="040"><subfield code="a">IFIN-HH</subfield></datafield><datafield ind1=" " ind2=" " tag="041"><subfield code="a">rus</subfield></datafield><datafield ind1=" " ind2=" " tag="080"><subfield code="a">539</subfield></datafield><datafield ind1="1" ind2=" " tag="100"><subfield code="a">Islinskii, A.Yu</subfield></datafield><datafield ind1="1" ind2="0" tag="245"><subfield code="a">Mmehanika</subfield><subfield code="b">Novoe v zarubejnoi nauke</subfield><subfield code="c">A.yu. islinskii, g.g. cernii (redaktori serii)</subfield></datafield><datafield ind1=" " ind2=" " tag="260"><subfield code="a">Moskva</subfield><subfield code="b">Mir</subfield><subfield code="c">1976, 1982, 1987</subfield></datafield><datafield ind1=" " ind2=" " tag="300"><subfield code="a">4 VOLUME</subfield></datafield><datafield ind1=" " ind2=" " tag="490"><subfield code="a">Mehanika</subfield></datafield><datafield ind1="1" ind2=" " tag="700"><subfield code="a">Cernii, G.G</subfield></datafield><datafield ind1="1" ind2=" " tag="787"><subfield code="a">Tom 42</subfield><subfield code="d">1897</subfield><subfield code="h">295p</subfield><subfield code="t">Nelineinie Volnovie Protessi</subfield></datafield><datafield ind1=" " ind2=" " tag="852"><subfield code="a">45465</subfield><subfield code="c">539</subfield></datafield><datafield ind1=" " ind2=" " tag="CAT"><subfield code="a">Sys</subfield><subfield code="c">20111011</subfield><subfield code="h">125340</subfield></datafield></record></collection>